
@mastersthesis{davo_lavina_exploracion_2024,
	address = {Madrid},
	title = {Exploración de sistemas recomendadores para la recomendación de propuestas en organizaciones autónomas descentralizadas},
	copyright = {https://creativecommons.org/licenses/by-nc-nd/3.0/es/},
	url = {https://oa.upm.es/82151/},
	abstract = {Las Organizaciones Autónomas Descentralizadas (Decentralized Autonomous Organizations, DAOs) han surgido como un nuevo enfoque hacia la gobernanza colectiva, facilitado por la tecnología blockchain. Las DAOs fomentan procesos de votación democráticos, permitiendo a los miembros proponer y votar sobre propuestas, moldeando así colectivamente el futuro de la organización. Sin embargo, la efectividad y legitimidad de la toma de decisiones dentro de las DAOs puede verse afectada por la baja participación de los votantes, un desafío común con otras comunidades en línea y los sistemas de votación tradicionales. Dada el tiempo limitado de votación de cada propuesta, las técnicas convencionales en sistemas recomendadores son inadecuadas. Por esa razón, este Trabajo de Fin de Máster introduce el primer sistema de recomendación diseñado específicamente para DAOs. En particular, se han desarrollado nuevas técnicas de validación y una nueva linea base. Este enfoque ha sido probado en tres modelos: un primero basado en filtrado colaborativo que utiliza Redes Neuronales de Grafos para explotar el grafo bipartito miembro-propuesta formado por la votación en DAOs; un segundo basado en contenido que utilizando Procesamiento del Lenguaje Natural; y un tercer modelo híbrido que combina los resultados de los dos anteriores. Aunque el proyecto se ha realizado con la organización de Decentraland en mente, que gobierna colectivamente una plataforma de metaverso con más de 35 000 miembros y 2 000 propuestas votadas, también se ha probado y comparado con otras organizaciones con diferentes características. Estos resultados no solo demuestran el potencial de los sistemas de recomendación para mejorar la personalización de propuestas y mejorar la participación de los votantes en las DAOs, sino que también se alinean con las mejoras observadas en la participación de los usuarios en otros proyectos colaborativos en línea que han implementado sistemas similares. Además, el sistema de recomendación basado en GNN con restricciones temporales podría ser adaptado a contextos similares, como la recomendación de eventos.

ABSTRACT

Decentralized Autonomous Organizations (DAOs) have emerged as a novel approach to collective governance, facilitated by blockchain technology. DAOs foster democratic voting processes, allowing members to put forward and vote on proposals, thereby collectively shaping the organization’s future. However, the effectiveness and legitimacy of decision-making within DAOs can be compromised by low voter turnout, a challenge shared with traditional online communities and voting systems. Given the limited lifespan of each proposal, conventional recommender system techniques are unsuitable. In response to these issues, this Master’s Thesis introduces a recommender system specifically designed for DAOs. In particular, new validation techniques and a baseline had to be developed. The approach has been tested on three models, a model that leverages Graph Neural Networks (GNN) for collaborative f iltering, effectively exploiting the member-proposal bipartite graph inherent in DAOs voting, a second one that utilizes Natural Language Processing as a content-based approach, and a third hybrid model that combines the results of the previous two. While the project has been made with the Decentraland DAO organization in mind, which collectively governs a metaverse platform with over 35,000 members and 2,000 proposals voted, it has also been tested on and compared with other organizations with different characteristics. We compare our approach with a baseline that recommends the most popular open proposals at the time of recommendation. These models accurately predict future voters, surpassing the proposed baseline. These results not only underscore the potential of recommender systems in enhancing voter participation within DAOs but also align with the observed improvements in user engagement in other online collaborative projects that have implemented similar systems. Furthermore, our GNN-based recommendation systems with temporal constraints could be adapted to other settings such as event recommendation.},
	language = {Spanish},
	urldate = {2024-08-27},
	school = {Polytechnic University of Madrid},
	author = {Davó Laviña, David},
	collaborator = {Zanardini, Damiano and Arroyo Gallardo, Javier},
	month = may,
	year = {2024},
	note = {Collaborative effort with GRASIA UCM. Under the joint supervision of Damiano Zanardini (UPM) and Javier Arroyo (UCM).},
}

@phdthesis{davo_lavina_implementacion_2022,
	address = {Madrid},
	type = {Bachelor's {Thesis}},
	title = {Implementación de una red en chip en un procesador {RISC}-{V}},
	url = {https://hdl.handle.net/20.500.14352/3279},
	abstract = {Las redes en chip (NoC) son una tecnología emergente alternativa a los métodos de interconexión convencionales en la que se aplican los métodos de diseño de redes a las conexiones entre módulos. Permiten una mayor escalabilidad, abstracción, flexibilidad y resiliencia que las conexiones intra-chip convencionales. Aunque las NoC han sido ampliamente usadas para la intra- comunicación entre procesadores y dispositivos complejos, en este Trabajo de Fin de Grado aplicamos esta metodología dentro de la unidad de ejecución de un procesador basado en la arquitectura libre RISC-V: el SWerv-EL2. Por otro lado, en las FPGAs la reconfiguración dinámica posibilita añadir, sustituir y eliminar elementos heterogéneos en tiempo de ejecución, permitiéndonos incorporar funcionalidades conforme van siendo necesarias, o aportar redundancia y reemplazar módulos defectuosos para hacer nuestro diseño más tolerante a fallos. Para ello, hemos estudiado a fondo y diseñado una NoC, tratando de minimizar los recursos consumidos y el impacto en área de la misma en el procesador. Posteriormente modificamos la unidad de ejecución del procesador para incluir dicha red como inter conexión entre los módulos de dicha unidad. En ambos casos usaremos el lenguaje de descripción de hardware SystemVerilog. Finalmente se comentan los problemas encontrados durante el proyecto, los resultados y conclusiones, y el trabajo futuro posible para la continuación de este proyecto.},
	language = {Spanish},
	urldate = {2023-09-03},
	school = {Complutense University of Madrid},
	author = {Davó Laviña, David},
	collaborator = {Garnica, Óscar and Lanchares, Juan},
	month = jun,
	year = {2022},
	note = {Under the joint supervision of Pr. Óscar Garnica and Pr. Juan Lanchares},
}

@inproceedings{arroyo_dao-analyzer:_2022,
	address = {New York, NY, USA},
	series = {{CSCW}'22 {Companion}},
	title = {{DAO}-{Analyzer}: {Exploring} {Activity} and {Participation} in {Blockchain} {Organizations}},
	isbn = {978-1-4503-9190-0},
	shorttitle = {{DAO}-{Analyzer}},
	url = {https://dl.acm.org/doi/10.1145/3500868.3559707},
	doi = {10.1145/3500868.3559707},
	abstract = {Decentralized Autonomous Organizations (DAOs) are a new kind of organization that relies on blockchain software to govern their projects. Typically, DAO members may put forward and vote on proposals. For instance these proposals may consist on someone doing some tasks in exchange for a share of the DAO crypto-funds. In recent times, DAOs have gained a remarkable adoption, and yet they are still understudied by the academic literature. In this work, we present a visual analytics tool to study DAO activity focusing on their participation and temporal evolution. Our tool will hopefully help to stimulate research on this new kind of online community and collaborative software.},
	urldate = {2023-11-14},
	booktitle = {Companion {Publication} of the 2022 {Conference} on {Computer} {Supported} {Cooperative} {Work} and {Social} {Computing}},
	publisher = {Association for Computing Machinery},
	author = {Arroyo, Javier and Davó, David and Martínez-Vicente, Elena and Faqir-Rhazoui, Youssef and Hassan, Samer},
	month = nov,
	year = {2022},
	note = {2 citations (CrossRef 2024/5/19)},
	pages = {193--196},
}

@misc{arroyo_dao_2024,
	title = {{DAO} {Analyzer} dataset},
	copyright = {Creative Commons Zero v1.0 Universal},
	url = {https://zenodo.org/doi/10.5281/zenodo.7669709},
	doi = {10.5281/ZENODO.7669709},
	abstract = {DAO-Analyzer's dataset.


Explore data from Decentralized Autonomous Organizations deployed on the DAOstack, DAOhaus and Aragon platforms.},
	urldate = {2024-01-17},
	publisher = {Zenodo},
	author = {Arroyo, Javier and Davó, David and Faqir-Rhazoui, Youssef},
	month = jan,
	year = {2024},
}
